@misc{subversion,
	title = {{Subversion: Official website}},
	howpublished = {\url{http://subversion.apache.org/}}
}

@misc{git,
	title = {{Git: Fast Version Control System}},
	howpublished = {\url{http://git-scm.com/}}
}
